@book{bishop2006pattern,
  title={Pattern recognition and machine learning},
  author={Bishop, Christopher M},
  year={2006},
  publisher={Springer}
}
@article{wright1999numerical,
  title={Numerical optimization},
  author={Wright, Stephen and Nocedal, Jorge and others},
  journal={Springer Science},
  volume={35},
  number={67-68},
  pages={7},
  year={1999}
}
@article{kendall2017uncertainties,
  title={What uncertainties do we need in bayesian deep learning for computer vision?},
  author={Kendall, Alex and Gal, Yarin},
  journal={Advances in neural information processing systems},
  volume={30},
  year={2017}
}
@article{snoek2012practical,
  title={Practical bayesian optimization of machine learning algorithms},
  author={Snoek, Jasper and Larochelle, Hugo and Adams, Ryan P},
  journal={Advances in neural information processing systems},
  volume={25},
  year={2012}
}
