@article{hutter2000theory,
  title={A theory of universal artificial intelligence based on algorithmic complexity},
  author={Hutter, Marcus},
  journal={arXiv preprint cs/0004001},
  year={2000}
}
@article{hadfield2017inverse,
  title={Inverse reward design},
  author={Hadfield-Menell, Dylan and Milli, Smitha and Abbeel, Pieter and Russell, Stuart J and Dragan, Anca},
  journal={Advances in neural information processing systems},
  volume={30},
  year={2017}
}
@article{cohen2022advanced,
  title={Advanced artificial agents intervene in the provision of reward},
  author={Cohen, Michael K and Hutter, Marcus and Osborne, Michael A},
  journal={AI Magazine},
  volume={43},
  number={3},
  pages={282--293},
  year={2022},
  publisher={Wiley Online Library}
}
